1809 3188
118 163 167 209 v,
197 165 239 215 2,
269 163 370 204 7-17
700 185 756 190 —
788 159 844 201 84
881 186 933 190 -
1329 158 1520 202 773-783

116 293 189 336 ΒΑ.
232 292 430 335 Ancillas
458 290 576 332 dedo
607 305 615 333 :
648 289 870 348 quelubet
898 289 1103 333 cruciatu
1119 302 1202 347 per
1216 301 1289 330 me
1317 290 1516 345 exquire.

232 369 350 412 llaec
378 371 448 410 res
476 367 547 410 hic
575 367 750 423 agitur:
777 365 1017 424 Pamphilo
1036 379 1107 408 me
1120 365 1268 407 fecere
1291 367 1340 407 ut
1366 363 1523 408 redeat

787 445 900 485 uxor

230 522 419 581 Oportet
479 536 486 564 :
541 520 661 579 quod
721 520 755 562 si
808 518 1018 578 perficio,
1068 533 1156 561 non
1208 517 1411 576 paenitet
1449 532 1520 562 me

786 596 959 641 famae,
1435 595 1521 638 775

42 695 73 721 10
230 675 382 731 Solam
438 674 675 717 fecisseid
727 674 850 732 quod
901 674 1015 716 aliae
1061 676 1324 718 meretrices
1370 675 1520 718 facere

790 751 1000 807 fugitant.

110 831 187 874 LA.
229 830 469 888 Pliidippe⁷
501 833 678 871 nostras
701 828 915 871 mulieres
944 831 1178 887 suspectas
1205 828 1344 871 fuisse
1370 828 1485 871 felso

226 908 365 950 Nobis
394 908 437 949 in
460 922 506 949 rc
535 907 634 964 ipsu
661 905 915 948 invenimus
947 921 955 950 :
988 921 1125 964 porro
1152 905 1269 949 henc
1297 921 1417 949 nunc
1445 921 1521 949 ex-

784 983 1031 1041 periamur.

224 1063 336 1105 Nam
365 1063 400 1103 si
428 1060 700 1118 compererit
728 1060 902 1102 crimini
930 1063 1008 1102 tua
1035 1075 1081 1102 se
1112 1062 1223 1102 uxor
1249 1059 1515 1113 credidisse,

222 1140 403 1184 Missam
434 1140 546 1180 iram
566 1137 720 1189 facict;
750 1139 834 1190 sin,
866 1140 913 1179 ut
940 1140 1022 1191 est,
1049 1137 1108 1179 oh
1130 1140 1230 1180 eam
1252 1151 1348 1180 rem
1376 1138 1518 1180 iratus

1431 1215 1518 1258 780

1243 1291 1331 1334 cito
1370 1291 1427 1334 eb
1466 1305 1521 1334 eo

780 1217 981 1269 gnetust,

32 1316 66 1342 15
223 1293 355 1347 Quod
399 1293 578 1351 peperit
606 1306 718 1334 uxor
756 1291 889 1345 clam,
927 1291 972 1333 id
1011 1291 1154 1334 levest
1194 1307 1203 1335 ;

778 1368 891 1411 haec
917 1369 985 1411 ira
1012 1368 1244 1411 abscedet.

220 1448 429 1491 Profecto
479 1447 525 1488 in
569 1446 654 1488 hac
699 1461 747 1488 re
774 1445 837 1487 nil
876 1446 1041 1497 malist,
1086 1445 1210 1504 quod
1246 1448 1302 1488 sit
1329 1445 1520 1489 discidio

782 1522 988 1578 dignum.

102 1604 177 1648 ΡΗ.
221 1602 370 1646 Velim
397 1601 583 1660 quidem
608 1599 780 1643 hercle.
810 1599 888 1642 LA.
920 1599 1117 1657 Exquire
1154 1614 1162 1643 :
1196 1599 1326 1642 adest
1356 1614 1365 1643 :
1396 1599 1521 1658 quod

782 1677 890 1720 setis
915 1677 987 1729 sit,
1016 1677 1153 1720 faciet
1177 1679 1294 1735 ipsa.

139 1871 209 1902 773.
242 1867 399 1900 Ancillas
423 1866 508 1898 dedo
532 1869 592 1897 etc.
610 1866 715 1898 Dans
735 1864 770 1898 16

98 1915 198 1950 droit
234 1914 382 1955 attique
413 1922 561 1946 comme
600 1912 697 1946 dans
735 1912 770 1945 le

99 1964 196 1997 droit
216 1962 373 2000 romain,
391 1961 426 1994 16
444 1960 689 2002 temoignage
703 1959 770 1993 des

99 2011 267 2045 esclaves
289 2009 428 2041 u'avait
457 2008 503 2041 de
535 2007 667 2040 valeur
695 2015 770 2048 que

97 2057 268 2100 lorsqu’il
283 2056 384 2090 avait
406 2055 467 2089 ete
482 2055 639 2088 arrache
659 2054 771 2096 paria

98 2109 253 2139 torture.
269 2104 320 2138 Cf.
343 2103 412 2137 Ad.
435 2104 588 2136 482-483.
611 2102 685 2136 Cic.
702 2110 769 2144 pro

97 2153 233 2187 Roscio
253 2154 378 2185 Amer.
400 2152 495 2190 28,77
512 2163 519 2184 1
542 2153 581 2181 ut
601 2159 717 2181 servos
730 2150 768 2181 in

99 2201 335 2244 quaestionem
363 2199 609 2240 polliceantur.
637 2215 677 2220 ——
700 2197 768 2228 Peo-

98 2260 149 2281 me
173 2259 190 2279 «
214 2248 286 2281 hoc
306 2250 377 2287 est,
410 2257 462 2278 me
492 2245 727 2288 permittente.
751 2255 768 2276 »

99 2296 260 2339 [Donat]
283 2314 320 2318 —
342 2295 501 2336 Eaequire
524 2308 563 2320 =
585 2293 770 2335 eaequirere

98 2345 158 2376 tibi
178 2344 265 2375 licet.

138 2394 208 2425 775.
242 2390 323 2422 Non
359 2389 515 2431 paenitet
541 2399 594 2420 me
628 2389 764 2428 famae,

99 2450 116 2470 «
140 2441 182 2472 Jc
220 2437 294 2470 n'ai
328 2445 397 2479 pas
435 2437 457 2470 a
496 2444 559 2468 me
594 2434 767 2478 plaindre

97 2486 249 2525 (16...,»<(
268 2486 305 2527 je
324 2484 404 2517 suis
423 2483 609 2517 satissaite
630 2483 731 2525 de...⁷
748 2494 766 2514 ›>

98 2544 115 2563 «
135 2533 198 2575 j'ai
217 2532 293 2565 lieu
324 2530 440 2565 d'etre
465 2531 557 2564 fiere
581 2531 701 2564 de...»
722 2532 765 2563 V.

98 2580 205 2613 Breal
223 2583 260 2613 et
280 2579 409 2621 Bailly,
431 2579 678 2618 Dielionnaiov
693 2579 767 2620 ety-

102 2627 293 2669 »noloqique
311 2627 410 2665 latin,
427 2635 477 2660 au
495 2629 576 2659 mot
596 2626 764 2659 Paenitet.

140 2677 211 2708 776.
247 2674 366 2707 Solam
393 2674 523 2715 fecisse,
558 2677 618 2705 ele.
658 2675 766 2707 Cette

99 2722 334 2764 proposition
353 2721 541 2755 infinitive
554 2721 704 2763 depend
721 2721 766 2754 do

99 2769 207 2802 l'idee
244 2769 395 2802 verbale
425 2769 638 2802 renfermee
670 2768 766 2802 dans

99 2816 208 2858 fama.
228 2815 279 2850 Cf.
305 2817 375 2850 7352.
400 2816 554 2849 ——.·liiue.
579 2816 708 2850 (31200
728 2819 766 2850 61

843 1866 880 1899 la
894 1865 1173 1898 note—Facere
1186 1864 1355 1906 suyilant.
1375 1864 1426 1898 Cf.
1435 1863 1516 1898 282:

841 1914 942 1956 parsi
959 1912 1116 1955 perdere.

884 1962 955 1994 778.
972 1960 1014 1991 In
1027 1971 1064 1992 re
1075 1960 1373 2001 ipsainvenimus,
1392 1968 1519 1993 «nous

843 2016 962 2041 avons
986 2008 1192 2041 decouvert
1218 2007 1315 2040 dans
1341 2007 1434 2049 (par)
1462 2007 1519 2041 les

843 2056 930 2089 faits
952 2055 1110 2088 memes.
1133 2065 1151 2086 >>
1171 2073 1210 2078 ——
1225 2055 1327 2087 Hanc
1347 2055 1518 2097 experia-

842 2113 935 2143 mur,
954 2112 971 2131 «
992 2102 1014 2135 i.
1038 2111 1069 2135 e.
1093 2106 1239 2134 utamur
1262 2112 1370 2144 oper-a
1390 2102 1475 2145 ejus.
1499 2113 1518 2135 ›>

844 2150 1008 2192 [Donat-L

883 2200 954 2231 779.
978 2198 1140 2236 Crimini,
1164 2207 1182 2227 «
1204 2197 1227 2230 ἐι
1247 2205 1324 2230 11116
1346 2206 1442 2239 pure
1461 2205 1518 2231 ca-

841 2245 995 2279 lomnie.
1027 2255 1044 2275 »
1076 2244 1218 2276 Crimen
1257 2247 1317 2278 est
1352 2244 1431 2286 pris
1469 2244 1517 2278 ioi

842 2294 938 2327 dans
957 2292 993 2326 16
1014 2300 1103 2325 sens
1124 2291 1315 2334 pregnant
1330 2291 1518 2333 (zfalsum

842 2340 1014 2381 crimen):
1043 2350 1060 2369 «
1084 2347 1161 2372 une
1196 2339 1421 2372 accusation
1449 2339 1517 2381 qui

841 2389 939 2422 n'est
957 2388 1098 2429 qu'une
1112 2386 1346 2425 accusation,
1372 2397 1390 2418 »
1410 2395 1516 2421 «une

841 2435 1064 2469 accusation
1085 2442 1176 2466 sans
1197 2433 1434 2467 fondement.
1456 2444 1474 2465 »

882 2484 952 2517 780.
979 2483 1123 2514 Missam
1141 2482 1235 2512 iram
1252 2481 1369 2522 faciet.
1379 2480 1432 2515 Cf.
1441 2481 1513 2515 408.

840 2550 880 2554 -—
906 2531 946 2563 Ut
972 2533 1036 2569 est,
1065 2539 1082 2559 ‹<
1115 2537 1265 2562 comme
1296 2529 1323 2562 il
1353 2528 1441 2562 l'est
1466 2536 1516 2562 en

840 2577 1020 2620 realite‚»
1039 2588 1056 2608 «
1075 2585 1224 2609 comme
1244 2577 1338 2610 e'est
1354 2575 1389 2609 le
1408 2583 1514 2609 cas.»

881 2627 952 2659 783.
979 2624 1094 2664 Adest,
1115 2632 1166 2656 SC.
1192 2624 1348 2657 Bacchis.
1364 2623 1515 2662 —Quod

839 2673 925 2705 satis
952 2673 997 2705 sit
1023 2675 1098 2710 etc„
1124 2681 1144 2701 <‹
1165 2670 1187 2703 i.
1209 2680 1240 2705 6.
1263 2669 1446 2714 quicquid
1466 2669 1514 2703 ad

840 2721 994 2763 plenam
1026 2719 1132 2753 ducit
1160 2718 1440 2762 purgationem,
1462 2717 1512 2750 fa-

840 2768 922 2802 ciet.
943 2777 961 2798 »
982 2767 1145 2809 [Donat].
